@book{ccs,
  author    = {陈杰 and 蔡涛 and 黄鸿},
  title     = {传感器与检测技术},
  publisher = {高等教育出版社},
  year      = {2021}
} 
